@inproceedings{CoRTOS,
    author = {Anshuman Dhuliya},
    title = {CoRTOS},
    url  = {https://github.com/adhuliya/ajit-toolchain/blob/marshal/os/rtos/cortos2/docs/CoRTOS.pdf},
    note  = {\href{https://github.com/adhuliya/ajit-toolchain/blob/marshal/os/rtos/cortos2/docs/CoRTOS.pdf}{click here}},
}
@inproceedings{ahir,
    author = {Madhav Desai},
    title = {AaLRM},
    url  = {https://github.com/Priyankar1996/IITB_AI_ML/blob/master/ahir_release/docs/pdf/AaLRM.pdf},
    note  = {\href{https://github.com/Priyankar1996/IITB_AI_ML/blob/master/ahir_release/docs/pdf/AaLRM.pdf}{click here}},
}
